@book{schmeh09, 
  address = {Heidelberg},
  author = {Schmeh, Klaus},
  publisher = {dpunkt.verlag},
  title = {{Kryptographie - Verfahren, Protokolle, Infrastrukturen}},
  year = 2009
}

@book{Schneier2006,
  address = {München},
  author = {Schneier, Bruce},
  publisher = {Pearson Studium},
  title = {{Angewandte Kryptographie - Der Klassiker. Protokolle, Algorithmen und Sourcecode in C}},
  year = 2006
}

@book{eckert13,
  address = {München},
  author    = {Eckert, Claudia},
  title     = {IT-Sicherheit - Konzepte, Verfahren, Protokolle {(8.} Aufl.)},
  publisher = {Oldenbourg Verlag},
  year      = {2013}
}

@inproceedings{meyer2013,
  title={SoK: Lessons Learned From SSL/TLS Attacks},
  author={Meyer, Christopher and Schwenk, Jörg},
  booktitle={The 14th International Workshop on Information Security Applications (WISA2013)},
  year={2013}
}

@incollection{AE2000,
	year={2000},
	booktitle={Advances in Cryptology - ASIACRYPT 2000},
	title={{Authenticated Encryption: Relations among Notions and Analysis of the Generic Composition Paradigm}},
	publisher={Springer Berlin Heidelberg},
	author={Bellare, Mihir and Namprempre, Chanathip}
}

@techreport{hmac97,
  author = {Krawczyk, H. and Bellare, M. and Canetti, R.},
  howpublished = {RFC 2104},
  type={RFC},
  number = 2104,
  organization = {Internet Engineering Task Force},
  publisher = {IETF},
  series = {Request for Comments},
  title = {HMAC: Keyed-Hashing for Message Authentication},
  url = {http://tools.ietf.org/html/rfc2104},
  year = 1997
}




@techreport{pbkdf2000,
  author = {Kaliski, B.},
  howpublished = {RFC 2898},
  type={RFC},
  number = 2898,
  organization = {Internet Engineering Task Force},
  publisher = {IETF},
  series = {Request for Comments},
  title = {PKCS \#5: Password-Based Cryptography Specification Version 2.0},
  url = {http://www.ietf.org/rfc/rfc2898.txt},
  year = 2000
}


