@book{schmeh09, 
  address = {Heidelberg},
  author = {Schmeh, Klaus},
  publisher = {dpunkt.verlag},
  title = {{Kryptographie - Verfahren, Protokolle, Infrastrukturen}},
  year = 2009
}

@book{Schneier2006,
  address = {München},
  author = {Schneier, Bruce},
  publisher = {Pearson Studium},
  title = {{Angewandte Kryptographie - Der Klassiker. Protokolle, Algorithmen und Sourcecode in C}},
  year = 2006
}

@book{eckert13,
  address = {München},
  author    = {Eckert, Claudia},
  title     = {{IT-Sicherheit - Konzepte, Verfahren, Protokolle}},
  publisher = {Oldenbourg Verlag},
  year      = {2013}
}

@inproceedings{meyer13,
  title={{SoK: Lessons Learned From SSL/TLS Attacks}},
  author={Meyer, Christopher and Schwenk, Jörg},
  booktitle={The 14th International Workshop on Information Security Applications},
  year={2013}
}

@incollection{AE2000,
	year={2000},
	booktitle={Advances in Cryptology - ASIACRYPT 2000},
	title={{Authenticated Encryption: Relations among Notions and Analysis of the Generic Composition Paradigm}},
	publisher={Springer Berlin Heidelberg},
	author={Bellare, Mihir and Namprempre, Chanathip}
}

@techreport{hmac97,
  author = {Krawczyk, H. and Bellare, M. and Canetti, R.},
  howpublished = {RFC 2104},
  type={RFC},
  number = 2104,
  organization = {Internet Engineering Task Force},
  publisher = {IETF},
  series = {Request for Comments},
  title = {{HMAC: Keyed-Hashing for Message Authentication}},
  url = {http://tools.ietf.org/html/rfc2104},
  year = 1997
}

@inproceedings{wagner96,
    author = {Wagner, David and Schneier, Bruce},
    title = {{Analysis of the SSL 3.0 Protocol}},
    booktitle = { The Second USENIX Workshop on Electronic Commerce},
    year = {1996},
    pages = {29--40},
    publisher = {USENIX Association}
}

@inproceedings{bleichenbacher98,
 author = {Bleichenbacher, Daniel},
 title = {{Chosen Ciphertext Attacks Against Protocols Based on the RSA Encryption Standard PKCS \#1}},
 booktitle = {Proceedings of the 18th Annual International Cryptology Conference on Advances in Cryptology},
 series = {CRYPTO '98},
 year = {1998},
 pages = {1--12},
 publisher = {Springer-Verlag},
 address = {London, UK},
} 

@inproceedings{vaudenay02,
  title={{Security Flaws Induced by CBC Padding - Applications to SSL, IPSEC, WTLS...}},
  author={Vaudenay, Serge},
  booktitle={Advances in Cryptology - EUROCRYPT 2002},
  pages={534--545},
  year={2002},
  publisher={Springer}
}

@inproceedings{canvel03,
  title={{Password Interception in a SSL/TLS Channel}},
  booktitle={Advances in Cryptology - CRYPTO 2003},
  publisher={Springer},
  volume={2729},
  pages={583-599},
  author={Canvel, Brice and Hiltgen, Alain P. and Vaudenay, Serge and Vuagnoux, Martin},
  year=2003
}

@article{paterson13,
	author = {Al Fardan, N. J.  and Paterson, K. G. },
	title = {{Lucky Thirteen: Breaking the TLS and DTLS Record Protocols}},
	journal ={2014 IEEE Symposium on Security and Privacy},
	year = {2013},
	pages = {526-540},
	publisher = {IEEE Computer Society},
}

@misc{bard04,
  title={{The Vulnerability of SSL to Chosen Plaintext Attack}},
  booktitle={IACR Eprint archive},
  url={http://eprint.iacr.org/2004/111},
  author={Bard, Gregory V.},
  year=2004
}

@INPROCEEDINGS{bard06,
    author = {Bard, Gregory V.},
    title = {{A Challenging But Feasible Blockwise-Adaptive Chosen-Plaintext Attack on SSL}},
    booktitle = {SECRYPT 2006, Proceedings of the international conference on security and cryptography},
    year = {2006},
    pages = {7--10},
    publisher = {INSTICC Press}
}

@article{duong11,
  title={{Here Come The XOR Ninjas}},
  author={Duong, Thai and Rizzo, Juliano},
  year={2011},
  publisher={Ekoparty}
}

@misc{moeller14,
  title={{This POODLE Bites: Exploiting the SSL 3.0 Fallback}},
  author={Möller, Bodo and Duong, Thai and Kotowicz, Krzysztof},
  year={2014}
}

@misc{freak15,
	author = {Bhargavan, Karthikeyan and Delignat-Lavaud, Antoine and Fournet, Cédric and Kohlweiss, Markulf and Pironti, Alfredo and Strub, Pierre-Yves and Zanella-Béguelin, Santiago and Zinzindohoué, Jean-Karim and Beurdouche, Benjamin},
	title = {{FREAK: Factoring RSA Export Keys}},
	howpublished={{https://www.smacktls.com/\#freak}},
	note = {Zugriff am 22.05.2015}
}

@misc{logjam15,
  title={{Imperfect Forward Secrecy: How Diffie-Hellman Fails in Practice}},
  author={ Adrian, David and Bhargavan, Karthikeyan and Durumeric, Zakir and Gaudry, Pierrick and Green, Matthew and Halderman, J. Alex and Heninger, Nadia and Springall, Drew and Thomé, Emmanuel and Valenta, Luke and VanderSloot, Benjamin and Wustrow, Eric and Zanella-Béguelin, Santiago and Zimmermann, Paul},
  howpublished={{https://weakdh.org/imperfect-forward-secrecy.pdf}},
  note = {Zugriff am 22.05.2015}
}

@inproceedings{krawczyk01,
 author = {Krawczyk, Hugo},
 title = {{The Order of Encryption and Authentication for Protecting Communications (or: How Secure Is SSL?)}},
 booktitle = {Proceedings of the 21st Annual International Cryptology Conference on Advances in Cryptology},
 series = {CRYPTO '01},
 year = {2001},
 pages = {310--331},
 publisher = {Springer-Verlag},
 address = {London, UK},
} 

@techreport{tls10,
  author = {Dierks, T. and Allen, C.},
  howpublished = {RFC 2246},
  type={RFC},
  number = 2246,
  organization = {Internet Engineering Task Force},
  publisher = {IETF},
  series = {Request for Comments},
  title = {{The TLS Protocol - Version 1.0}},
  url = {http://tools.ietf.org/html/rfc2246},
  year = 1999
}

@techreport{tls11,
  author = {Dierks, T. and Rescorla, E.},
  howpublished = {RFC 4346},
  type={RFC},
  number = 4346,
  organization = {Internet Engineering Task Force},
  publisher = {IETF},
  series = {Request for Comments},
  title = {{The Transport Layer Security (TLS) Protocol - Version 1.1}},
  url = {http://tools.ietf.org/html/rfc4346},
  year = 2006
}

@techreport{tls12,
  author = {Dierks, T. and Rescorla, E.},
  howpublished = {RFC 5246},
  type={RFC},
  number = 5246,
  organization = {Internet Engineering Task Force},
  publisher = {IETF},
  series = {Request for Comments},
  title = {{The Transport Layer Security (TLS) Protocol - Version 1.2}},
  url = {http://tools.ietf.org/html/rfc5246},
  year = 2008
}

@techreport{tls13,
  author = {Rescorla, E. },
  organization = {Internet Engineering Task Force},
  publisher = {IETF},
  title = {{The Transport Layer Security (TLS) Protocol Version 1.3 - draft-ietf-tls-tls13-07}},
  url = {https://tools.ietf.org/html/draft-ietf-tls-tls13-07},
  year = 2015
}

@phdthesis{meyer14,
	author = {Meyer, Christopher},
	title = {{20 Years of SSL/TLS Research - An Analysis of the Internet’s Security Foundation}},
	type = {Dissertation},
	school = {Ruhr-University Bochum},
	year = {2014}
}

@techreport{ssl30,
  author = {Freier, A.  and Karlton, P. and Kocher, P.},
  howpublished = {RFC 6101},
  type={RFC},
  number = 6101,
  organization = {Internet Engineering Task Force},
  publisher = {IETF},
  series = {Request for Comments},
  title = {{The Secure Sockets Layer (SSL) Protocol Version 3.0}},
  url = {http://www.rfc-base.org/txt/rfc-6101.txt},
  year = 2011
}

@inproceedings{krawczyk10,
  author    = {Krawczyk, Hugo},
  title     = {{Cryptographic Extraction and Key Derivation: The HKDF Scheme}},
  booktitle = {Advances in Cryptology - {CRYPTO} 2010, 30th Annual Cryptology Conference,
               Santa Barbara, CA, USA, August 15-19, 2010. Proceedings},
  pages     = {631--648},
  year      = {2010}
}

@book{ferguson10,
 author = {Ferguson, Niels and Schneier, Bruce and Kohno, Tadayoshi},
 title = {Cryptography Engineering: Design Principles and Practical Applications},
 year = {2010},
 isbn = {0470474246, 9780470474242},
 publisher = {Wiley Publishing},
} 

@techreport{prohibit_ssl20,
  author = {Turner, S. and Polk, T.},
  howpublished = {RFC 6176},
  type={RFC},
  number = 6176,
  organization = {Internet Engineering Task Force},
  publisher = {IETF},
  series = {Request for Comments},
  title = {{Prohibiting Secure Sockets Layer (SSL) Version 2.0}},
  url = {https://tools.ietf.org/html/rfc6176},
  year = 2011
}

@techreport{deprecate_ssl30,
  author = {Barnes, R. and Thomson, M. and Pironti, A. and Langley, A.},
  howpublished = {RFC 7568},
  type={RFC},
  number = 7568,
  organization = {Internet Engineering Task Force},
  publisher = {IETF},
  series = {Request for Comments},
  title = {{Deprecating Secure Sockets Layer Version 3.0}},
  url = {https://tools.ietf.org/html/rfc7568},
  year = 2015
}

@techreport{pkcs1,
  author = {Jonsson, J. and Kaliski, B.},
  howpublished = {RFC 3447},
  type = {RFC},
  number = 3447,
  organization = {Internet Engineering Task Force},
  publisher = {IETF},
  series = {Request for Comments},
  title = {{Public-Key Cryptography Standards (PKCS) \#1: RSA Cryptography Specifications Version 2.1}},
  url = {https://tools.ietf.org/html/rfc3447},
  year = 2003
}

@book{schubert11,
	address = {Heidelberg},
	author = {Schubert, Sigrid and Schwill, Andreas},
	publisher = {Spektrum Akademischer Verlag},
	title = {{Didaktik der Informatik}},
	year = 2011
}

@book{kluever12,
	address = {Wiesbaden},
	author = {Klüver, Christina and Klüver, Jürgen},
	publisher = {Springer Vieweg},
	title = {{Lehren, Lernen und Fachdidaktik - Theorie, Praxis und Forschungsergebnisse 
am Beispiel der Informatik}},
	year = 2012
}

@book{niegemann08,
	address = {Berlin Heidelberg},
	author = {Niegemann, Helmut M. and Domagk, Steffi and Hessel, Silvia and Hein, Alexandra and Hupfer, Matthias and Zobel, Annett},
	publisher = {Springer Verlag},
	title = {{Kompendium multimediales Lernen}},
	year = 2008
}

@book{freeman04,
	address = {Sebastopol (Kalifornien)},
	author = {Freeman, Eric and Freeman, Elizabeth},
	publisher = {O'Reilly Media},
	title = {{Head First Design Patterns}},
	year = 2004
}

@misc{potel96,
  title={{MVP: Model-View-Presenter - The Taligent Programming Model for C++ and Java }},
  author={Potel, Mike},
  howpublished={{http://www.wildcrest.com/Potel/Portfolio/mvp.pdf}},
  note = {Zugriff am 13.10.2015},
  year = 1996
}

@article{dh76,
  title={New directions in cryptography},
  author={Diffie, Whitfield and Hellman, Martin E.},
  journal={Information Theory, IEEE Transactions on},
  volume={22},
  number={6},
  pages={644--654},
  year={1976},
  publisher={IEEE}
}
 
@incollection{mcgrew05,
  title={The security and performance of the Galois/Counter Mode (GCM) of operation},
  author={McGrew, David A. and Viega, John},
  booktitle={Progress in Cryptology-INDOCRYPT 2004},
  pages={343--355},
  year={2005},
  publisher={Springer}
}

@techreport{whiting03,
  author = {Whiting, D. and Housley, R. and Ferguson, N.},
  howpublished = {RFC 3610},
  type={RFC},
  number = 3610,
  organization = {Internet Engineering Task Force},
  publisher = {IETF},
  series = {Request for Comments},
  title = {{Counter with CBC-MAC (CCM)}},
  url = {https://tools.ietf.org/html/rfc3610},
  year = 2003
}

@inproceedings{kocher99,
  title={{Differential power analysis}},
  author={Kocher, Paul and Jaffe, Joshua and Jun, Benjamin},
  booktitle={Advances in Cryptology—CRYPTO’99},
  pages={388--397},
  year={1999},
  organization={Springer}
}

@inproceedings{kocher96,
  title={{Timing attacks on implementations of Diffie-Hellman, RSA, DSS, and other systems}},
  author={Kocher, Paul C},
  booktitle={Advances in Cryptology—CRYPTO’96},
  pages={104--113},
  year={1996},
  organization={Springer}
}

@article{vaneck85,
  title={{Electromagnetic radiation from video display units: an eavesdropping risk?}},
  author={Van Eck, Wim},
  journal={Computers \& Security},
  volume={4},
  number={4},
  pages={269--286},
  year={1985},
  publisher={Elsevier}
}

@incollection{genkin14,
  title={{RSA key extraction via low-bandwidth acoustic cryptanalysis}},
  author={Genkin, Daniel and Shamir, Adi and Tromer, Eran},
  booktitle={Advances in Cryptology--CRYPTO 2014},
  pages={444--461},
  year={2014},
  publisher={Springer}
}